%YAML 1.1
%TAG !u! tag:unity3d.com,2011:
--- !u!1 &257598704012411586
GameObject:
  m_ObjectHideFlags: 0
  m_CorrespondingSourceObject: {fileID: 0}
  m_PrefabInstance: {fileID: 0}
  m_PrefabAsset: {fileID: 0}
  serializedVersion: 6
  m_Component:
  - component: {fileID: 4091130461942301007}
  - component: {fileID: 2573047081899445974}
  m_Layer: 0
  m_Name: Fox_New08
  m_TagString: Untagged
  m_Icon: {fileID: 0}
  m_NavMeshLayer: 0
  m_StaticEditorFlags: 0
  m_IsActive: 0
--- !u!4 &4091130461942301007
Transform:
  m_ObjectHideFlags: 0
  m_CorrespondingSourceObject: {fileID: 0}
  m_PrefabInstance: {fileID: 0}
  m_PrefabAsset: {fileID: 0}
  m_GameObject: {fileID: 257598704012411586}
  m_LocalRotation: {x: -0, y: -0, z: -0, w: 1}
  m_LocalPosition: {x: -0.69976383, y: -0.73283917, z: 0}
  m_LocalScale: {x: 1.1326841, y: 1.1326841, z: 1.1326841}
  m_Children: []
  m_Father: {fileID: 2958192242176723000}
  m_RootOrder: 1
  m_LocalEulerAnglesHint: {x: 0, y: 0, z: 0}
--- !u!212 &2573047081899445974
SpriteRenderer:
  m_ObjectHideFlags: 0
  m_CorrespondingSourceObject: {fileID: 0}
  m_PrefabInstance: {fileID: 0}
  m_PrefabAsset: {fileID: 0}
  m_GameObject: {fileID: 257598704012411586}
  m_Enabled: 1
  m_CastShadows: 0
  m_ReceiveShadows: 0
  m_DynamicOccludee: 1
  m_MotionVectors: 1
  m_LightProbeUsage: 1
  m_ReflectionProbeUsage: 1
  m_RenderingLayerMask: 1
  m_RendererPriority: 0
  m_Materials:
  - {fileID: 10754, guid: 0000000000000000f000000000000000, type: 0}
  m_StaticBatchInfo:
    firstSubMesh: 0
    subMeshCount: 0
  m_StaticBatchRoot: {fileID: 0}
  m_ProbeAnchor: {fileID: 0}
  m_LightProbeVolumeOverride: {fileID: 0}
  m_ScaleInLightmap: 1
  m_PreserveUVs: 0
  m_IgnoreNormalsForChartDetection: 0
  m_ImportantGI: 0
  m_StitchLightmapSeams: 0
  m_SelectedEditorRenderState: 0
  m_MinimumChartSize: 4
  m_AutoUVMaxDistance: 0.5
  m_AutoUVMaxAngle: 89
  m_LightmapParameters: {fileID: 0}
  m_SortingLayerID: 0
  m_SortingLayer: 0
  m_SortingOrder: 8
  m_Sprite: {fileID: 21300000, guid: fae817fdb5e581f469a40362d8bbffc5, type: 3}
  m_Color: {r: 1, g: 1, b: 1, a: 1}
  m_FlipX: 0
  m_FlipY: 0
  m_DrawMode: 0
  m_Size: {x: 10.23, y: 4.79}
  m_AdaptiveModeThreshold: 0.5
  m_SpriteTileMode: 0
  m_WasSpriteAssigned: 1
  m_MaskInteraction: 0
  m_SpriteSortPoint: 0
--- !u!1 &1530267137714727006
GameObject:
  m_ObjectHideFlags: 0
  m_CorrespondingSourceObject: {fileID: 0}
  m_PrefabInstance: {fileID: 0}
  m_PrefabAsset: {fileID: 0}
  serializedVersion: 6
  m_Component:
  - component: {fileID: 2958192242176723000}
  - component: {fileID: 4413855440062171021}
  - component: {fileID: 6916944328093252791}
  - component: {fileID: 3675674254597611264}
  - component: {fileID: 4610136800320270002}
  - component: {fileID: 3088556610462393691}
  - component: {fileID: 9163193850708388651}
  - component: {fileID: 7141166659103200632}
  m_Layer: 0
  m_Name: PlayerANIM
  m_TagString: Untagged
  m_Icon: {fileID: 0}
  m_NavMeshLayer: 0
  m_StaticEditorFlags: 0
  m_IsActive: 1
--- !u!4 &2958192242176723000
Transform:
  m_ObjectHideFlags: 0
  m_CorrespondingSourceObject: {fileID: 0}
  m_PrefabInstance: {fileID: 0}
  m_PrefabAsset: {fileID: 0}
  m_GameObject: {fileID: 1530267137714727006}
  m_LocalRotation: {x: -0, y: -0, z: -0, w: 1}
  m_LocalPosition: {x: -5376, y: 54, z: 1.5999985}
  m_LocalScale: {x: 6.287871, y: 6.287871, z: 6.287871}
  m_Children:
  - {fileID: 3097151915062229399}
  - {fileID: 4091130461942301007}
  - {fileID: 5234539292509218940}
  - {fileID: 5690833970024119450}
  m_Father: {fileID: 0}
  m_RootOrder: 0
  m_LocalEulerAnglesHint: {x: 0, y: 0, z: 0}
--- !u!212 &4413855440062171021
SpriteRenderer:
  m_ObjectHideFlags: 0
  m_CorrespondingSourceObject: {fileID: 0}
  m_PrefabInstance: {fileID: 0}
  m_PrefabAsset: {fileID: 0}
  m_GameObject: {fileID: 1530267137714727006}
  m_Enabled: 0
  m_CastShadows: 0
  m_ReceiveShadows: 0
  m_DynamicOccludee: 1
  m_MotionVectors: 1
  m_LightProbeUsage: 1
  m_ReflectionProbeUsage: 1
  m_RenderingLayerMask: 1
  m_RendererPriority: 0
  m_Materials:
  - {fileID: 10754, guid: 0000000000000000f000000000000000, type: 0}
  m_StaticBatchInfo:
    firstSubMesh: 0
    subMeshCount: 0
  m_StaticBatchRoot: {fileID: 0}
  m_ProbeAnchor: {fileID: 0}
  m_LightProbeVolumeOverride: {fileID: 0}
  m_ScaleInLightmap: 1
  m_PreserveUVs: 0
  m_IgnoreNormalsForChartDetection: 0
  m_ImportantGI: 0
  m_StitchLightmapSeams: 0
  m_SelectedEditorRenderState: 0
  m_MinimumChartSize: 4
  m_AutoUVMaxDistance: 0.5
  m_AutoUVMaxAngle: 89
  m_LightmapParameters: {fileID: 0}
  m_SortingLayerID: 0
  m_SortingLayer: 0
  m_SortingOrder: 6
  m_Sprite: {fileID: 21300000, guid: adfc63ad5022f58479135a742acc59fc, type: 3}
  m_Color: {r: 1, g: 1, b: 1, a: 0.9098039}
  m_FlipX: 0
  m_FlipY: 0
  m_DrawMode: 0
  m_Size: {x: 12.47, y: 7.98}
  m_AdaptiveModeThreshold: 0.5
  m_SpriteTileMode: 0
  m_WasSpriteAssigned: 1
  m_MaskInteraction: 0
  m_SpriteSortPoint: 0
--- !u!50 &6916944328093252791
Rigidbody2D:
  serializedVersion: 4
  m_ObjectHideFlags: 0
  m_CorrespondingSourceObject: {fileID: 0}
  m_PrefabInstance: {fileID: 0}
  m_PrefabAsset: {fileID: 0}
  m_GameObject: {fileID: 1530267137714727006}
  m_BodyType: 0
  m_Simulated: 1
  m_UseFullKinematicContacts: 0
  m_UseAutoMass: 0
  m_Mass: 1
  m_LinearDrag: 0
  m_AngularDrag: 0
  m_GravityScale: 57
  m_Material: {fileID: 0}
  m_Interpolate: 0
  m_SleepingMode: 1
  m_CollisionDetection: 1
  m_Constraints: 4
--- !u!114 &3675674254597611264
MonoBehaviour:
  m_ObjectHideFlags: 0
  m_CorrespondingSourceObject: {fileID: 0}
  m_PrefabInstance: {fileID: 0}
  m_PrefabAsset: {fileID: 0}
  m_GameObject: {fileID: 1530267137714727006}
  m_Enabled: 1
  m_EditorHideFlags: 0
  m_Script: {fileID: 11500000, guid: d50050597fe237e4199038254c041fe3, type: 3}
  m_Name: 
  m_EditorClassIdentifier: 
  foxAnimator: {fileID: 3097151915062229396}
  rb: {fileID: 6916944328093252791}
  ClimbPos: {x: 0, y: 0}
  whatIsGround:
    serializedVersion: 2
    m_Bits: 512
  dashSpeed: 501.49
  startDashTime: 0.27
  canDoubleJump: 0
  PushForce: 269
  DashInput: 0
  cooldownTime: 1
--- !u!114 &4610136800320270002
MonoBehaviour:
  m_ObjectHideFlags: 0
  m_CorrespondingSourceObject: {fileID: 0}
  m_PrefabInstance: {fileID: 0}
  m_PrefabAsset: {fileID: 0}
  m_GameObject: {fileID: 1530267137714727006}
  m_Enabled: 1
  m_EditorHideFlags: 0
  m_Script: {fileID: 11500000, guid: f68ecfde6686aed43a1b73894c13d5d0, type: 3}
  m_Name: 
  m_EditorClassIdentifier: 
  foxAnimator: {fileID: 3097151915062229396}
  jumpForce: 219.5
  grounded: 0
  whatIsGround:
    serializedVersion: 2
    m_Bits: 512
  canDoubleJump: 1
--- !u!114 &3088556610462393691
MonoBehaviour:
  m_ObjectHideFlags: 0
  m_CorrespondingSourceObject: {fileID: 0}
  m_PrefabInstance: {fileID: 0}
  m_PrefabAsset: {fileID: 0}
  m_GameObject: {fileID: 1530267137714727006}
  m_Enabled: 0
  m_EditorHideFlags: 0
  m_Script: {fileID: 11500000, guid: 93570747af5cd2c40bde10abb8271f00, type: 3}
  m_Name: 
  m_EditorClassIdentifier: 
  jumpForce: 0
  grounded: 0
  whatIsGround:
    serializedVersion: 2
    m_Bits: 0
  canDoubleJump: 0
  JumpInput: 0
--- !u!114 &9163193850708388651
MonoBehaviour:
  m_ObjectHideFlags: 0
  m_CorrespondingSourceObject: {fileID: 0}
  m_PrefabInstance: {fileID: 0}
  m_PrefabAsset: {fileID: 0}
  m_GameObject: {fileID: 1530267137714727006}
  m_Enabled: 0
  m_EditorHideFlags: 0
  m_Script: {fileID: 11500000, guid: 938f99391d949874383854dafc202e08, type: 3}
  m_Name: 
  m_EditorClassIdentifier: 
  rb: {fileID: 0}
  ClimbPos: {x: 0, y: 0}
  whatIsGround:
    serializedVersion: 2
    m_Bits: 0
  dashSpeed: 0
  startDashTime: 0
  canDoubleJump: 0
  PushForce: 0
  DashInput: 0
  cooldownTime: 0
--- !u!58 &7141166659103200632
CircleCollider2D:
  m_ObjectHideFlags: 0
  m_CorrespondingSourceObject: {fileID: 0}
  m_PrefabInstance: {fileID: 0}
  m_PrefabAsset: {fileID: 0}
  m_GameObject: {fileID: 1530267137714727006}
  m_Enabled: 1
  m_Density: 1
  m_Material: {fileID: 0}
  m_IsTrigger: 0
  m_UsedByEffector: 0
  m_UsedByComposite: 0
  m_Offset: {x: 0.16495445, y: 1.2867914}
  serializedVersion: 2
  m_Radius: 4.385314
--- !u!1 &3916347987738875267
GameObject:
  m_ObjectHideFlags: 0
  m_CorrespondingSourceObject: {fileID: 0}
  m_PrefabInstance: {fileID: 0}
  m_PrefabAsset: {fileID: 0}
  serializedVersion: 6
  m_Component:
  - component: {fileID: 5234539292509218940}
  - component: {fileID: 5744749251591141048}
  m_Layer: 0
  m_Name: GameObject
  m_TagString: Untagged
  m_Icon: {fileID: 0}
  m_NavMeshLayer: 0
  m_StaticEditorFlags: 0
  m_IsActive: 0
--- !u!4 &5234539292509218940
Transform:
  m_ObjectHideFlags: 0
  m_CorrespondingSourceObject: {fileID: 0}
  m_PrefabInstance: {fileID: 0}
  m_PrefabAsset: {fileID: 0}
  m_GameObject: {fileID: 3916347987738875267}
  m_LocalRotation: {x: 0, y: 0, z: 0, w: 1}
  m_LocalPosition: {x: -0.32, y: -0.92, z: 0}
  m_LocalScale: {x: 1, y: 1, z: 1}
  m_Children: []
  m_Father: {fileID: 2958192242176723000}
  m_RootOrder: 2
  m_LocalEulerAnglesHint: {x: 0, y: 0, z: 0}
--- !u!70 &5744749251591141048
CapsuleCollider2D:
  m_ObjectHideFlags: 0
  m_CorrespondingSourceObject: {fileID: 0}
  m_PrefabInstance: {fileID: 0}
  m_PrefabAsset: {fileID: 0}
  m_GameObject: {fileID: 3916347987738875267}
  m_Enabled: 0
  m_Density: 1
  m_Material: {fileID: 0}
  m_IsTrigger: 0
  m_UsedByEffector: 0
  m_UsedByComposite: 0
  m_Offset: {x: 1.2013296, y: 0.9960568}
  m_Size: {x: 4.8997936, y: 6.916062}
  m_Direction: 0
--- !u!1001 &144465923463635737
PrefabInstance:
  m_ObjectHideFlags: 0
  serializedVersion: 2
  m_Modification:
    m_TransformParent: {fileID: 2958192242176723000}
    m_Modifications:
    - target: {fileID: 5546422247443505030, guid: cbe16ce9225581e4f8d1a669eb1710ee,
        type: 3}
      propertyPath: m_Name
      value: TrailTest
      objectReference: {fileID: 0}
    - target: {fileID: 5546422247443505027, guid: cbe16ce9225581e4f8d1a669eb1710ee,
        type: 3}
      propertyPath: m_LocalPosition.x
      value: -0.82
      objectReference: {fileID: 0}
    - target: {fileID: 5546422247443505027, guid: cbe16ce9225581e4f8d1a669eb1710ee,
        type: 3}
      propertyPath: m_LocalPosition.y
      value: 0.12
      objectReference: {fileID: 0}
    - target: {fileID: 5546422247443505027, guid: cbe16ce9225581e4f8d1a669eb1710ee,
        type: 3}
      propertyPath: m_LocalPosition.z
      value: 0
      objectReference: {fileID: 0}
    - target: {fileID: 5546422247443505027, guid: cbe16ce9225581e4f8d1a669eb1710ee,
        type: 3}
      propertyPath: m_LocalRotation.x
      value: -0.7071068
      objectReference: {fileID: 0}
    - target: {fileID: 5546422247443505027, guid: cbe16ce9225581e4f8d1a669eb1710ee,
        type: 3}
      propertyPath: m_LocalRotation.y
      value: -0
      objectReference: {fileID: 0}
    - target: {fileID: 5546422247443505027, guid: cbe16ce9225581e4f8d1a669eb1710ee,
        type: 3}
      propertyPath: m_LocalRotation.z
      value: -0
      objectReference: {fileID: 0}
    - target: {fileID: 5546422247443505027, guid: cbe16ce9225581e4f8d1a669eb1710ee,
        type: 3}
      propertyPath: m_LocalRotation.w
      value: 0.7071068
      objectReference: {fileID: 0}
    - target: {fileID: 5546422247443505027, guid: cbe16ce9225581e4f8d1a669eb1710ee,
        type: 3}
      propertyPath: m_RootOrder
      value: 3
      objectReference: {fileID: 0}
    - target: {fileID: 5546422247443505027, guid: cbe16ce9225581e4f8d1a669eb1710ee,
        type: 3}
      propertyPath: m_LocalEulerAnglesHint.x
      value: -90
      objectReference: {fileID: 0}
    - target: {fileID: 5546422247443505027, guid: cbe16ce9225581e4f8d1a669eb1710ee,
        type: 3}
      propertyPath: m_LocalEulerAnglesHint.y
      value: 0
      objectReference: {fileID: 0}
    - target: {fileID: 5546422247443505027, guid: cbe16ce9225581e4f8d1a669eb1710ee,
        type: 3}
      propertyPath: m_LocalEulerAnglesHint.z
      value: 0
      objectReference: {fileID: 0}
    - target: {fileID: 5546422247443505024, guid: cbe16ce9225581e4f8d1a669eb1710ee,
        type: 3}
      propertyPath: InitialModule.startSize.scalar
      value: 19.25
      objectReference: {fileID: 0}
    - target: {fileID: 5546422247443505024, guid: cbe16ce9225581e4f8d1a669eb1710ee,
        type: 3}
      propertyPath: ColorModule.gradient.maxGradient.key0.r
      value: 0.7075472
      objectReference: {fileID: 0}
    - target: {fileID: 5546422247443505024, guid: cbe16ce9225581e4f8d1a669eb1710ee,
        type: 3}
      propertyPath: ColorModule.gradient.maxGradient.key0.g
      value: 0.23513515
      objectReference: {fileID: 0}
    - target: {fileID: 5546422247443505024, guid: cbe16ce9225581e4f8d1a669eb1710ee,
        type: 3}
      propertyPath: ColorModule.gradient.maxGradient.key0.b
      value: 0.18356179
      objectReference: {fileID: 0}
    - target: {fileID: 5546422247443505024, guid: cbe16ce9225581e4f8d1a669eb1710ee,
        type: 3}
      propertyPath: ColorModule.gradient.maxGradient.key1.r
      value: 0.11320752
      objectReference: {fileID: 0}
    - target: {fileID: 5546422247443505024, guid: cbe16ce9225581e4f8d1a669eb1710ee,
        type: 3}
      propertyPath: ColorModule.gradient.maxGradient.key1.g
      value: 0.112759225
      objectReference: {fileID: 0}
    - target: {fileID: 5546422247443505024, guid: cbe16ce9225581e4f8d1a669eb1710ee,
        type: 3}
      propertyPath: ColorModule.gradient.maxGradient.key1.b
      value: 0.11267352
      objectReference: {fileID: 0}
    - target: {fileID: 5546422247443505024, guid: cbe16ce9225581e4f8d1a669eb1710ee,
        type: 3}
      propertyPath: InitialModule.maxNumParticles
      value: 1000
      objectReference: {fileID: 0}
    - target: {fileID: 5546422247443505024, guid: cbe16ce9225581e4f8d1a669eb1710ee,
        type: 3}
      propertyPath: EmissionModule.rateOverDistance.scalar
      value: 1.06
      objectReference: {fileID: 0}
    - target: {fileID: 5546422247443505025, guid: cbe16ce9225581e4f8d1a669eb1710ee,
        type: 3}
      propertyPath: m_SortingLayerID
      value: 0
      objectReference: {fileID: 0}
    - target: {fileID: 5546422247443505025, guid: cbe16ce9225581e4f8d1a669eb1710ee,
        type: 3}
      propertyPath: m_SortingLayer
      value: 0
      objectReference: {fileID: 0}
    - target: {fileID: 5546422247443505025, guid: cbe16ce9225581e4f8d1a669eb1710ee,
        type: 3}
      propertyPath: m_SortingOrder
      value: 5
      objectReference: {fileID: 0}
    - target: {fileID: 5546422247443505025, guid: cbe16ce9225581e4f8d1a669eb1710ee,
        type: 3}
      propertyPath: m_Materials.Array.data[0]
      value: 
      objectReference: {fileID: 10308, guid: 0000000000000000f000000000000000, type: 0}
    - target: {fileID: 5546422247443505025, guid: cbe16ce9225581e4f8d1a669eb1710ee,
        type: 3}
      propertyPath: m_ReflectionProbeUsage
      value: 1
      objectReference: {fileID: 0}
    m_RemovedComponents: []
  m_SourcePrefab: {fileID: 100100000, guid: cbe16ce9225581e4f8d1a669eb1710ee, type: 3}
--- !u!4 &5690833970024119450 stripped
Transform:
  m_CorrespondingSourceObject: {fileID: 5546422247443505027, guid: cbe16ce9225581e4f8d1a669eb1710ee,
    type: 3}
  m_PrefabInstance: {fileID: 144465923463635737}
  m_PrefabAsset: {fileID: 0}
--- !u!1001 &7602583082234286187
PrefabInstance:
  m_ObjectHideFlags: 0
  serializedVersion: 2
  m_Modification:
    m_TransformParent: {fileID: 2958192242176723000}
    m_Modifications:
    - target: {fileID: 4862346398328973816, guid: 7aa8198671fe2424ab17b3cd85904aa4,
        type: 3}
      propertyPath: m_Name
      value: FOX-spritesheet01
      objectReference: {fileID: 0}
    - target: {fileID: 4862346398328973820, guid: 7aa8198671fe2424ab17b3cd85904aa4,
        type: 3}
      propertyPath: m_LocalPosition.x
      value: -1.61
      objectReference: {fileID: 0}
    - target: {fileID: 4862346398328973820, guid: 7aa8198671fe2424ab17b3cd85904aa4,
        type: 3}
      propertyPath: m_LocalPosition.y
      value: 1.79
      objectReference: {fileID: 0}
    - target: {fileID: 4862346398328973820, guid: 7aa8198671fe2424ab17b3cd85904aa4,
        type: 3}
      propertyPath: m_LocalPosition.z
      value: 0
      objectReference: {fileID: 0}
    - target: {fileID: 4862346398328973820, guid: 7aa8198671fe2424ab17b3cd85904aa4,
        type: 3}
      propertyPath: m_LocalRotation.x
      value: 0
      objectReference: {fileID: 0}
    - target: {fileID: 4862346398328973820, guid: 7aa8198671fe2424ab17b3cd85904aa4,
        type: 3}
      propertyPath: m_LocalRotation.y
      value: 0
      objectReference: {fileID: 0}
    - target: {fileID: 4862346398328973820, guid: 7aa8198671fe2424ab17b3cd85904aa4,
        type: 3}
      propertyPath: m_LocalRotation.z
      value: 0
      objectReference: {fileID: 0}
    - target: {fileID: 4862346398328973820, guid: 7aa8198671fe2424ab17b3cd85904aa4,
        type: 3}
      propertyPath: m_LocalRotation.w
      value: 1
      objectReference: {fileID: 0}
    - target: {fileID: 4862346398328973820, guid: 7aa8198671fe2424ab17b3cd85904aa4,
        type: 3}
      propertyPath: m_RootOrder
      value: 0
      objectReference: {fileID: 0}
    - target: {fileID: 4862346398328973820, guid: 7aa8198671fe2424ab17b3cd85904aa4,
        type: 3}
      propertyPath: m_LocalEulerAnglesHint.x
      value: 0
      objectReference: {fileID: 0}
    - target: {fileID: 4862346398328973820, guid: 7aa8198671fe2424ab17b3cd85904aa4,
        type: 3}
      propertyPath: m_LocalEulerAnglesHint.y
      value: 0
      objectReference: {fileID: 0}
    - target: {fileID: 4862346398328973820, guid: 7aa8198671fe2424ab17b3cd85904aa4,
        type: 3}
      propertyPath: m_LocalEulerAnglesHint.z
      value: 0
      objectReference: {fileID: 0}
    - target: {fileID: 4862346398328973820, guid: 7aa8198671fe2424ab17b3cd85904aa4,
        type: 3}
      propertyPath: m_LocalScale.x
      value: 1.4559
      objectReference: {fileID: 0}
    - target: {fileID: 4862346398328973820, guid: 7aa8198671fe2424ab17b3cd85904aa4,
        type: 3}
      propertyPath: m_LocalScale.y
      value: 1.4559
      objectReference: {fileID: 0}
    - target: {fileID: 4862346398328973820, guid: 7aa8198671fe2424ab17b3cd85904aa4,
        type: 3}
      propertyPath: m_LocalScale.z
      value: 1.4559
      objectReference: {fileID: 0}
    - target: {fileID: 4862346398328973821, guid: 7aa8198671fe2424ab17b3cd85904aa4,
        type: 3}
      propertyPath: m_SortingOrder
      value: 6
      objectReference: {fileID: 0}
    - target: {fileID: 4862346399024227153, guid: 7aa8198671fe2424ab17b3cd85904aa4,
        type: 3}
      propertyPath: m_LocalRotation.x
      value: 0
      objectReference: {fileID: 0}
    - target: {fileID: 4862346399024227153, guid: 7aa8198671fe2424ab17b3cd85904aa4,
        type: 3}
      propertyPath: m_LocalRotation.y
      value: 0
      objectReference: {fileID: 0}
    - target: {fileID: 4862346399024227153, guid: 7aa8198671fe2424ab17b3cd85904aa4,
        type: 3}
      propertyPath: m_LocalRotation.z
      value: -0.43690675
      objectReference: {fileID: 0}
    - target: {fileID: 4862346399024227153, guid: 7aa8198671fe2424ab17b3cd85904aa4,
        type: 3}
      propertyPath: m_LocalRotation.w
      value: 0.89950687
      objectReference: {fileID: 0}
    - target: {fileID: 4862346399024227153, guid: 7aa8198671fe2424ab17b3cd85904aa4,
        type: 3}
      propertyPath: m_LocalEulerAnglesHint.z
      value: -51.813004
      objectReference: {fileID: 0}
    - target: {fileID: 4862346399123201236, guid: 7aa8198671fe2424ab17b3cd85904aa4,
        type: 3}
      propertyPath: m_LocalRotation.x
      value: 0
      objectReference: {fileID: 0}
    - target: {fileID: 4862346399123201236, guid: 7aa8198671fe2424ab17b3cd85904aa4,
        type: 3}
      propertyPath: m_LocalRotation.y
      value: 0
      objectReference: {fileID: 0}
    - target: {fileID: 4862346399123201236, guid: 7aa8198671fe2424ab17b3cd85904aa4,
        type: 3}
      propertyPath: m_LocalRotation.z
      value: 0.22520971
      objectReference: {fileID: 0}
    - target: {fileID: 4862346399123201236, guid: 7aa8198671fe2424ab17b3cd85904aa4,
        type: 3}
      propertyPath: m_LocalRotation.w
      value: 0.97431034
      objectReference: {fileID: 0}
    - target: {fileID: 4862346399123201236, guid: 7aa8198671fe2424ab17b3cd85904aa4,
        type: 3}
      propertyPath: m_LocalEulerAnglesHint.z
      value: 0
      objectReference: {fileID: 0}
    - target: {fileID: 4862346399065733058, guid: 7aa8198671fe2424ab17b3cd85904aa4,
        type: 3}
      propertyPath: m_LocalRotation.x
      value: 0
      objectReference: {fileID: 0}
    - target: {fileID: 4862346399065733058, guid: 7aa8198671fe2424ab17b3cd85904aa4,
        type: 3}
      propertyPath: m_LocalRotation.y
      value: 0
      objectReference: {fileID: 0}
    - target: {fileID: 4862346399065733058, guid: 7aa8198671fe2424ab17b3cd85904aa4,
        type: 3}
      propertyPath: m_LocalRotation.z
      value: -0.3588492
      objectReference: {fileID: 0}
    - target: {fileID: 4862346399065733058, guid: 7aa8198671fe2424ab17b3cd85904aa4,
        type: 3}
      propertyPath: m_LocalRotation.w
      value: 0.93339556
      objectReference: {fileID: 0}
    - target: {fileID: 4862346399065733058, guid: 7aa8198671fe2424ab17b3cd85904aa4,
        type: 3}
      propertyPath: m_LocalEulerAnglesHint.z
      value: 0
      objectReference: {fileID: 0}
    - target: {fileID: 4862346400083244980, guid: 7aa8198671fe2424ab17b3cd85904aa4,
        type: 3}
      propertyPath: m_LocalPosition.x
      value: 1.3516145
      objectReference: {fileID: 0}
    - target: {fileID: 4862346400083244980, guid: 7aa8198671fe2424ab17b3cd85904aa4,
        type: 3}
      propertyPath: m_LocalPosition.y
      value: -0.73325515
      objectReference: {fileID: 0}
    - target: {fileID: 4862346400083244980, guid: 7aa8198671fe2424ab17b3cd85904aa4,
        type: 3}
      propertyPath: m_LocalRotation.x
      value: 0
      objectReference: {fileID: 0}
    - target: {fileID: 4862346400083244980, guid: 7aa8198671fe2424ab17b3cd85904aa4,
        type: 3}
      propertyPath: m_LocalRotation.y
      value: 0
      objectReference: {fileID: 0}
    - target: {fileID: 4862346400083244980, guid: 7aa8198671fe2424ab17b3cd85904aa4,
        type: 3}
      propertyPath: m_LocalRotation.z
      value: -0.5655474
      objectReference: {fileID: 0}
    - target: {fileID: 4862346400083244980, guid: 7aa8198671fe2424ab17b3cd85904aa4,
        type: 3}
      propertyPath: m_LocalRotation.w
      value: 0.8247158
      objectReference: {fileID: 0}
    - target: {fileID: 4862346400083244980, guid: 7aa8198671fe2424ab17b3cd85904aa4,
        type: 3}
      propertyPath: m_LocalEulerAnglesHint.z
      value: 0
      objectReference: {fileID: 0}
    - target: {fileID: 4862346399857227317, guid: 7aa8198671fe2424ab17b3cd85904aa4,
        type: 3}
      propertyPath: m_LocalRotation.x
      value: 0
      objectReference: {fileID: 0}
    - target: {fileID: 4862346399857227317, guid: 7aa8198671fe2424ab17b3cd85904aa4,
        type: 3}
      propertyPath: m_LocalRotation.y
      value: 0
      objectReference: {fileID: 0}
    - target: {fileID: 4862346399857227317, guid: 7aa8198671fe2424ab17b3cd85904aa4,
        type: 3}
      propertyPath: m_LocalRotation.z
      value: -0.19461393
      objectReference: {fileID: 0}
    - target: {fileID: 4862346399857227317, guid: 7aa8198671fe2424ab17b3cd85904aa4,
        type: 3}
      propertyPath: m_LocalRotation.w
      value: 0.98087996
      objectReference: {fileID: 0}
    - target: {fileID: 4862346399857227317, guid: 7aa8198671fe2424ab17b3cd85904aa4,
        type: 3}
      propertyPath: m_LocalEulerAnglesHint.z
      value: 0
      objectReference: {fileID: 0}
    - target: {fileID: 4862346398493270543, guid: 7aa8198671fe2424ab17b3cd85904aa4,
        type: 3}
      propertyPath: m_LocalPosition.x
      value: 1.1090918
      objectReference: {fileID: 0}
    - target: {fileID: 4862346398493270543, guid: 7aa8198671fe2424ab17b3cd85904aa4,
        type: 3}
      propertyPath: m_LocalPosition.y
      value: -0.05310084
      objectReference: {fileID: 0}
    - target: {fileID: 4862346399286596084, guid: 7aa8198671fe2424ab17b3cd85904aa4,
        type: 3}
      propertyPath: m_LocalRotation.x
      value: 0
      objectReference: {fileID: 0}
    - target: {fileID: 4862346399286596084, guid: 7aa8198671fe2424ab17b3cd85904aa4,
        type: 3}
      propertyPath: m_LocalRotation.y
      value: 0
      objectReference: {fileID: 0}
    - target: {fileID: 4862346399286596084, guid: 7aa8198671fe2424ab17b3cd85904aa4,
        type: 3}
      propertyPath: m_LocalRotation.z
      value: -0.6289281
      objectReference: {fileID: 0}
    - target: {fileID: 4862346399286596084, guid: 7aa8198671fe2424ab17b3cd85904aa4,
        type: 3}
      propertyPath: m_LocalRotation.w
      value: 0.77746356
      objectReference: {fileID: 0}
    - target: {fileID: 4862346399286596084, guid: 7aa8198671fe2424ab17b3cd85904aa4,
        type: 3}
      propertyPath: m_LocalEulerAnglesHint.z
      value: 0
      objectReference: {fileID: 0}
    - target: {fileID: 4862346399286596084, guid: 7aa8198671fe2424ab17b3cd85904aa4,
        type: 3}
      propertyPath: m_LocalPosition.x
      value: 1.6406068
      objectReference: {fileID: 0}
    - target: {fileID: 4862346399286596084, guid: 7aa8198671fe2424ab17b3cd85904aa4,
        type: 3}
      propertyPath: m_LocalPosition.y
      value: -1.0793067
      objectReference: {fileID: 0}
    - target: {fileID: 4862346398014554234, guid: 7aa8198671fe2424ab17b3cd85904aa4,
        type: 3}
      propertyPath: m_LocalPosition.x
      value: 1.223587
      objectReference: {fileID: 0}
    - target: {fileID: 4862346398014554234, guid: 7aa8198671fe2424ab17b3cd85904aa4,
        type: 3}
      propertyPath: m_LocalPosition.y
      value: 0.05232758
      objectReference: {fileID: 0}
    - target: {fileID: 4862346398082772186, guid: 7aa8198671fe2424ab17b3cd85904aa4,
        type: 3}
      propertyPath: m_LocalPosition.x
      value: 1.683324
      objectReference: {fileID: 0}
    - target: {fileID: 4862346398082772186, guid: 7aa8198671fe2424ab17b3cd85904aa4,
        type: 3}
      propertyPath: m_LocalPosition.y
      value: 0.118231
      objectReference: {fileID: 0}
    - target: {fileID: 4862346398443499836, guid: 7aa8198671fe2424ab17b3cd85904aa4,
        type: 3}
      propertyPath: m_LocalRotation.x
      value: 0
      objectReference: {fileID: 0}
    - target: {fileID: 4862346398443499836, guid: 7aa8198671fe2424ab17b3cd85904aa4,
        type: 3}
      propertyPath: m_LocalRotation.y
      value: 0
      objectReference: {fileID: 0}
    - target: {fileID: 4862346398443499836, guid: 7aa8198671fe2424ab17b3cd85904aa4,
        type: 3}
      propertyPath: m_LocalRotation.z
      value: -0.063249156
      objectReference: {fileID: 0}
    - target: {fileID: 4862346398443499836, guid: 7aa8198671fe2424ab17b3cd85904aa4,
        type: 3}
      propertyPath: m_LocalRotation.w
      value: 0.99799776
      objectReference: {fileID: 0}
    - target: {fileID: 4862346398443499836, guid: 7aa8198671fe2424ab17b3cd85904aa4,
        type: 3}
      propertyPath: m_LocalEulerAnglesHint.z
      value: 0
      objectReference: {fileID: 0}
    - target: {fileID: 4862346398496777192, guid: 7aa8198671fe2424ab17b3cd85904aa4,
        type: 3}
      propertyPath: m_LocalRotation.x
      value: -0
      objectReference: {fileID: 0}
    - target: {fileID: 4862346398496777192, guid: 7aa8198671fe2424ab17b3cd85904aa4,
        type: 3}
      propertyPath: m_LocalRotation.y
      value: -0
      objectReference: {fileID: 0}
    - target: {fileID: 4862346398496777192, guid: 7aa8198671fe2424ab17b3cd85904aa4,
        type: 3}
      propertyPath: m_LocalRotation.z
      value: -0.94338286
      objectReference: {fileID: 0}
    - target: {fileID: 4862346398496777192, guid: 7aa8198671fe2424ab17b3cd85904aa4,
        type: 3}
      propertyPath: m_LocalRotation.w
      value: 0.3317059
      objectReference: {fileID: 0}
    - target: {fileID: 4862346398496777192, guid: 7aa8198671fe2424ab17b3cd85904aa4,
        type: 3}
      propertyPath: m_LocalEulerAnglesHint.z
      value: -141.255
      objectReference: {fileID: 0}
    - target: {fileID: 4862346398450407806, guid: 7aa8198671fe2424ab17b3cd85904aa4,
        type: 3}
      propertyPath: m_LocalRotation.x
      value: -0
      objectReference: {fileID: 0}
    - target: {fileID: 4862346398450407806, guid: 7aa8198671fe2424ab17b3cd85904aa4,
        type: 3}
      propertyPath: m_LocalRotation.y
      value: -0
      objectReference: {fileID: 0}
    - target: {fileID: 4862346398450407806, guid: 7aa8198671fe2424ab17b3cd85904aa4,
        type: 3}
      propertyPath: m_LocalRotation.z
      value: -0.8863844
      objectReference: {fileID: 0}
    - target: {fileID: 4862346398450407806, guid: 7aa8198671fe2424ab17b3cd85904aa4,
        type: 3}
      propertyPath: m_LocalRotation.w
      value: 0.46295
      objectReference: {fileID: 0}
    - target: {fileID: 4862346398450407806, guid: 7aa8198671fe2424ab17b3cd85904aa4,
        type: 3}
      propertyPath: m_LocalEulerAnglesHint.z
      value: -124.84501
      objectReference: {fileID: 0}
    m_RemovedComponents: []
  m_SourcePrefab: {fileID: 100100000, guid: 7aa8198671fe2424ab17b3cd85904aa4, type: 3}
--- !u!4 &3097151915062229399 stripped
Transform:
  m_CorrespondingSourceObject: {fileID: 4862346398328973820, guid: 7aa8198671fe2424ab17b3cd85904aa4,
    type: 3}
  m_PrefabInstance: {fileID: 7602583082234286187}
  m_PrefabAsset: {fileID: 0}
--- !u!95 &3097151915062229396 stripped
Animator:
  m_CorrespondingSourceObject: {fileID: 4862346398328973823, guid: 7aa8198671fe2424ab17b3cd85904aa4,
    type: 3}
  m_PrefabInstance: {fileID: 7602583082234286187}
  m_PrefabAsset: {fileID: 0}
